@misc{teu,
title = "東京工科大学ホームページ",
howpublished = "\url{http://www.teu.ac.jp/}",
}

@book{okumura,
title = "［改訂第4版］LaTeX2e美文書作成入門",
author = "奥村晴彦",
publisher = "技術評論社",
year = "2006",
}